<record><leader>00000cas a22000007a 4500</leader><controlfield tag="001">15340909</controlfield><controlfield tag="008">870318d18781915iaucr ne      0    0eng d</controlfield><datafield ind1=" " ind2=" " tag="010"><subfield code="a">sn 87057394 </subfield></datafield><datafield ind1=" " ind2=" " tag="040"><subfield code="a">INP</subfield><subfield code="b">eng</subfield><subfield code="c">INP</subfield><subfield code="d">OCLCQ</subfield></datafield><datafield ind1=" " ind2=" " tag="042"><subfield code="a">msc</subfield></datafield><datafield ind1="0" ind2=" " tag="130"><subfield code="a">Villisca review (Villisca, Iowa : 1878)</subfield></datafield><datafield ind1="1" ind2="4" tag="245"><subfield code="a">The Villisca review.</subfield></datafield><datafield ind1=" " ind2=" " tag="260"><subfield code="a">Villisca, Iowa :</subfield><subfield code="b">Powers &amp; Kennedy,</subfield><subfield code="c">1878-1915.</subfield></datafield><datafield ind1=" " ind2=" " tag="300"><subfield code="a">39 v. :</subfield><subfield code="b">ill.</subfield></datafield><datafield ind1=" " ind2=" " tag="310"><subfield code="a">Semiweekly,</subfield><subfield code="b">Oct. 14, 1914-Oct. 2, 1915</subfield></datafield><datafield ind1=" " ind2=" " tag="321"><subfield code="a">Weekly,</subfield><subfield code="b">Aug. 1, 1878-Oct. 8, 1914</subfield></datafield><datafield ind1="0" ind2=" " tag="362"><subfield code="a">Vol. 8, no. 1 (Aug. 1, 1878)-v. 46, no. 9B (Oct. 2, 1915).</subfield></datafield><datafield ind1=" " ind2=" " tag="500"><subfield code="a">Publisher varies.</subfield></datafield><datafield ind1=" " ind2=" " tag="500"><subfield code="a">Includes weekly section called: The Morton Mills review, Oct. 24, 1914-Oct. 2, 1915.</subfield></datafield><datafield ind1=" " ind2=" " tag="515"><subfield code="a">Semiweekly issues published with same volume numbering each week but designated as A and B, Oct. 14, 1914-Oct. 2, 1915.</subfield></datafield><datafield ind1=" " ind2=" " tag="752"><subfield code="a">United States</subfield><subfield code="b">Iowa</subfield><subfield code="c">Montgomery</subfield><subfield code="d">Villisca.</subfield></datafield><datafield ind1=" " ind2=" " tag="752"><subfield code="a">United States</subfield><subfield code="b">Iowa</subfield><subfield code="c">Montgomery</subfield><subfield code="d">Morton Mills.</subfield></datafield><datafield ind1="0" ind2="0" tag="780"><subfield code="t">Villisca weekly review</subfield><subfield code="w">(DLC)sn 84027400</subfield></datafield><datafield ind1="0" ind2="7" tag="785"><subfield code="t">Villisca letter</subfield></datafield><datafield ind1="0" ind2="7" tag="785"><subfield code="t">Villisca review and Villisca letter</subfield><subfield code="w">(DLC)sn 87057419</subfield></datafield><datafield ind1="1" ind2=" " tag="787"><subfield code="t">Morton Mills review</subfield></datafield></record>